@string{proc = "Proc. "}
@string{sosp = "SOSP"}
@string{osdi = "OSDI"}

@misc{conext14-pocketsniffer,
  Title = {{Elided for blind review}},
}

@misc{presence-peoplepower,
  title = {{ People Power Products}},
  howpublished = {\url{http://peoplepowerco.com/products/}}
}

@inproceedings{gdi,
	Author = {Robert Szewczyk and Alan Mainwaring and Joseph Polastre and                   David Culler},
	Booktitle = proc # {Second ACM Conference on Embedded Networked Sensor                   Systems (SenSys)},
	Date-Added = {2008-04-13 11:35:45 -0400},
	Date-Modified = {2008-04-13 11:35:45 -0400},
	Month = {November},
	Title = {An Analysis of a Large Scale Habitat Monitoring                   Application},
	Year = 2004}

@inproceedings{ggb-monitoring,
	Address = {Stanford, CA},
	Author = {Shamim N. Pakzad and Sukun Kim and Gregory L Fenves and    Steven D. Glaser and David E. Culler and James W. Demmel},
	Booktitle = proc # {5th International Workshop on Structural Health    Monitoring (IWSHM 2005)},
	Date-Added = {2008-04-13 11:47:28 -0400},
	Date-Modified = {2008-04-13 11:47:28 -0400},
	Month = {September},
	Title = {Multi-Purpose Wireless Accelerometers for Civil Infrastructure Monitoring},
	Year = 2005}

@inproceedings{koala-ipsn08,
 author = {Musaloiu-E., Razvan and Liang, Chieh-Jan Mike and Terzis, Andreas},
 title = {Koala: Ultra-Low Power Data Retrieval in Wireless Sensor Networks},
 booktitle = {Proceedings of the 7th international conference on Information processing in sensor networks},
 series = {IPSN '08},
 year = {2008},
 isbn = {978-0-7695-3157-1},
 pages = {421--432},
 numpages = {12},
 url = {http://dx.doi.org/10.1109/IPSN.2008.10},
 doi = {10.1109/IPSN.2008.10},
 acmid = {1372752},
 publisher = {IEEE Computer Society},
 address = {Washington, DC, USA},
 keywords = {Data gathering, duty-cycling, routing, low-power, network wake-up},
} 

@inproceedings{lance-sensys08,
	Address = {Raleigh, NC, USA},
	Author = {Geoffrey Werner-Allen and Stephen Dawson-Haggerty and Matt Welsh},
  Booktitle = proc # {6th ACM Conference on Embedded Networked Sensor Systems
    (SenSys'08)},
	Month = {November},
	Title = {Lance: Optimizing High-Resolution Signal Collection in Wireless
    Sensor Networks},
	Year = 2008}


@misc{phonebloks-url,
  title = {{ PhoneBloks }},
  howpublished = {\url{http://www.phonebloks.com/}}
}
@misc{etbc-dumping,
  title = {{ Responsible Recycling vs Global Dumping }},
  author = {Electronics TakeBack Coalition},
  howpublished =
  {\url{http://www.electronicstakeback.com/global-e-waste-dumping/}}
}

@inproceedings{leaves-ipsn12,
 author = {Yerva, Lohit and Campbell, Brad and Bansal, Apoorva and Schmid, Thomas and Dutta, Prabal},
 title = {Grafting energy-harvesting leaves onto the sensornet tree},
 booktitle = {Proceedings of the 11th international conference on Information Processing in Sensor Networks},
 series = {IPSN '12},
 year = {2012},
 isbn = {978-1-4503-1227-1},
 location = {Beijing, China},
 pages = {197--208},
 numpages = {12},
 url = {http://doi.acm.org/10.1145/2185677.2185733},
 doi = {10.1145/2185677.2185733},
 acmid = {2185733},
 publisher = {ACM},
 address = {New York, NY, USA},
 keywords = {energy-harvesting sensor node, low power wireless networking},
} 


@INPROCEEDINGS{hitchhikers-sensys08,
    author = {Guillermo Barrenetxea and Fran√ßois Ingelrest and Gunnar Schaefer and Martin Vetterli},
    title = {The Hitchhiker's Guide to Successful Wireless Sensor Network Deployments},
    booktitle = {in Proceedings of ACM SenSys},
    year = {2008}
}

@inproceedings{hijack-dev10,
 author = {Kuo, Ye-Sheng and Verma, Sonal and Schmid, Thomas and Dutta, Prabal},
 title = {Hijacking power and bandwidth from the mobile phone's audio interface},
 booktitle = {Proceedings of the First ACM Symposium on Computing for Development},
 series = {ACM DEV '10},
 year = {2010},
 isbn = {978-1-4503-0473-3},
 location = {London, United Kingdom},
 pages = {24:1--24:10},
 articleno = {24},
 numpages = {10},
 url = {http://doi.acm.org/10.1145/1926180.1926210},
 doi = {10.1145/1926180.1926210},
 acmid = {1926210},
 publisher = {ACM},
 address = {New York, NY, USA},
 keywords = {audio communications, energy harvesting, mobile phones, participatory sensing, phone peripherals},
} 

@misc{cnn-goldinphone,
  title = {{Your dead iPhone is a gold mine---literally}},
  author = {David Goldman},
  howpublished =
  {\url{http://money.cnn.com/2011/10/13/technology/iphone_trade_in/}}
}

@misc{sprint-m2m,
  title = {{Sprint M2M Solutions}},
  author = {Sprint},
  howpublished = {\url{http://m2m.sprint.com/}}
}

@misc{sprintgreen-url,
  title = {{Newsweek's 2012 Green Rankings}},
  author = {\url{greenbiz.com}},
  howpublished =
  {\url{http://www.greenbiz.com/blog/2012/10/20/newsweeks-2012-green-rankings-time-its-serious}}}

@misc{sprintrecycle-url,
  title = {{Sprint Re:cycle}},
  author = {\url{sprint.com}},
  howpublished =
  {\url{http://www.sprint.com/responsibility/communities_across/index.html}}}

@misc{sprintpolicy-url,
  title = {{Sprint Electronics Stewardship Policy}},
  author = {{Sprint}},
  howpublished =
  {\url{http://www.sprint.com/responsibility/ouroperations/docs/ElectronicsStewardshipPolicy.pdf}}}

@misc{rpipower-url,
  title = {{RasPi power usage measurements}},
  author = {\url{www.raspberrypi.org}},
  howpublished = {\url{http://www.raspberrypi.org/phpBB3/viewtopic.php?f=63\&t=6050\&start=50}}}

@misc{wirelessenergyconsumption-url,
  title = {{ Comparing Low-Power Wireless Technologies }},
  author = {{ Digikey }},
  howpublished =
  {\url{http://www.digikey.com/us/en/techzone/wireless/resources/articles/comparing-low-power-wireless.html}}}

@inproceedings{volcano-osdi06,
	Address = {Seattle, WA},
	Author = {Geoff Werner-Allen and Konrad Lorincz and Jeff Johnson and   Jonathan Lees and Matt Welsh},
  Booktitle = proc # {7th USENIX Symposium on Operating Systems Design and
    Implementation (OSDI 2006)},
	Month = {November},
	Title = {Fidelity and Yield in a Volcano Monitoring Sensor Network},
	Year = 2006}

@INPROCEEDINGS{icem-sosp07,
    author = {Kevin Klues and Vlado Handziski and Chenyang Lu and Adam Wolisz and David Culler and David Gay and Philip Levis},
    title = {Integrating concurrency control and energy management in device drivers},
    BOOKTITLE = proc # "the 12st Annual " #sosp,
    year = {2007},
    pages = {251--264},
    publisher = {ACM}
}

@misc{computerreplacement-url,
  title = {{ Most computers replaced after 4.5 years }},
  author = {{ bit-tech }},
  howpublished = 
  {\url{http://www.bit-tech.net/news/hardware/2011/05/12/most-computers-replaced-after-4-5-years/1}}
}

@misc{smartphonereplacement-url,
  title = {{ Trends in Smartphone Turnover }},
  author = {{ Digital Technology: The Tech Portal }},
  howpublished =
  {\url{http://www.technology-digital.com/gadgets/-by-tim-kridel}}
}

@INPROCEEDINGS{fawn,
    author = {David G. Andersen and Jason Franklin and Michael Kaminsky and Amar Phanishayee and  Lawrence Tan
and Vijay Vasudevan},
    title = {FAWN: A Fast Array of Wimpy Nodes},
    BOOKTITLE = proc # "the 22nd Annual " #sosp,
    year = {2009},
pages = {1-14},
    publisher = {ACM}
}

@inproceedings{li-smartphonereuse,
 author = {Li, Xun and Ortiz, Pablo J. and Browne, Jeffrey and Franklin, Diana and Oliver, John Y. and Geyer, Roland and Zhou, Yuanyuan and Chong, Frederic T.},
 title = {Smartphone Evolution and Reuse: Establishing a More Sustainable Model},
 booktitle = {Proceedings of the 2010 39th International Conference on Parallel Processing Workshops},
 series = {ICPPW '10},
 year = {2010},
 isbn = {978-0-7695-4157-0},
 pages = {476--484},
 numpages = {9},
 url = {http://dx.doi.org/10.1109/ICPPW.2010.70},
 doi = {10.1109/ICPPW.2010.70},
 acmid = {1905162},
 publisher = {IEEE Computer Society},
 address = {Washington, DC, USA},
 keywords = {Sustainable Computing, Education, Smartphone Evolution},
} 

@misc{epa-ewasteweb,
  TITLE = {{Statistics on the Management of Used and End-of-Life
    Electronics}},
  AUTHOR = {{United States Environmental Protection Agency}},
  HOWPUBLISHED =
  {\url{http://www.epa.gov/osw/conserve/materials/ecycling/manage.htm}}
}

@misc{emulab-web,
  AUTHOR = {{Emulab Total Network Testbed}},
  TITLE = {{Emulab - Network Emulation Testbed Home}},
  HOWPUBLISHED =
  {\url{http://www.emulab.net/}}}
@misc{planetlab-web,
  AUTHOR = {{PlanetLab Consortium}},
  TITLE = {{PlanetLab: An open platform for developing, deploying, and
    accessing planetary-scale services.}},
  HOWPUBLISHED =
  {\url{http://www.planet-lab.org/}}}
@inproceedings{bursty-sensys09,
 author = {Alizai, Muhammad Hamad and Landsiedel, Olaf and Link, J\'{o} \'{A}gila Bitsch and G\"{o}tz, Stefan and Wehrle, Klaus},
 title = {Bursty traffic over bursty links},
 booktitle = {SenSys '09: Proceedings of the 7th ACM Conference on Embedded Networked Sensor Systems},
 year = {2009},
 isbn = {978-1-60558-519-2},
 pages = {71--84},
 location = {Berkeley, California},
 doi = {http://doi.acm.org/10.1145/1644038.1644046},
 publisher = {ACM},
 address = {New York, NY, USA},
 }

@inproceedings{ctp-sensys09,
 author = {Gnawali, Omprakash and Fonseca, Rodrigo and Jamieson, Kyle and Moss, David and Levis, Philip},
 title = {Collection tree protocol},
 booktitle = {SenSys '09: Proceedings of the 7th ACM Conference on Embedded Networked Sensor Systems},
 year = {2009},
 isbn = {978-1-60558-519-2},
 pages = {1--14},
 location = {Berkeley, California},
 doi = {http://doi.acm.org/10.1145/1644038.1644040},
 publisher = {ACM},
 address = {New York, NY, USA},
 }

@inproceedings{isolation-sensys09,
 author = {Il Choi, Jung and Kazandjieva, Maria A. and Jain, Mayank and Levis, Philip},
 title = {The case for a network protocol isolation layer},
 booktitle = {SenSys '09: Proceedings of the 7th ACM Conference on Embedded Networked Sensor Systems},
 year = {2009},
 isbn = {978-1-60558-519-2},
 pages = {267--280},
 location = {Berkeley, California},
 doi = {http://doi.acm.org/10.1145/1644038.1644065},
 publisher = {ACM},
 address = {New York, NY, USA},
 }

@INPROCEEDINGS{stork,
	AUTHOR = "T.~Kosar and M.~Livny",
	TITLE = "Stork: Making Data Placement a First Class Citizen in the Grid",
	BOOKTITLE = " Proceedings of ICDCS'04 ",
	PAGES = "342-349",
	MONTH = "March", 
	YEAR = {2004}	}

@ARTICLE{petashare,
	AUTHOR = "X. Wang and D. Huang and I. Akturk and M. Balman and G. Allen and T. Kosar",
	TITLE = "Semantic Enabled Metadata Management in PetaShare",
	JOURNAL = {Journal of Grid and Utility Computing (IJGUC)},
	YEAR = {2009}	}

@inproceedings{cloudclone-hotos,
 author = {Chun, Byung-Gon and Maniatis, Petros},
 title = {Augmented smartphone applications through clone cloud execution},
 booktitle = {HotOS'09: Proceedings of the 12th conference on Hot topics in operating systems},
 year = {2009},
 pages = {8--8},
 location = {Monte Verit\`{a}, Switzerland},
 publisher = {USENIX Association},
 address = {Berkeley, CA, USA},
}

@misc{cloudclone-web,
  AUTHOR = {{Intel Berkeley CloudClone Project}},
  TITLE = {{CloudClone}},
  HOWPUBLISHED =
  {\url{http://berkeley.intel-research.net/bgchun/clonecloud/}}
}

@inproceedings{motelab-ipsn,
	Author = {Geoff Werner-Allen and Pat Swieskowski and Matt Welsh},
	Booktitle = proc # {the Fourth International Conference on   Information Processing in Sensor Networks (IPSN'05)},
	Date-Added = {2008-04-13 11:47:28 -0400},
	Date-Modified = {2008-04-13 11:47:28 -0400},
	Month = {April},
	Title = {{MoteLab: A Wireless Sensor Network Testbed}},
	Year = 2005}

@misc{motelab-web,
  AUTHOR = {{Harvard MoteLab Testbed}},
  TITLE = {{MoteLab}},
  HOWPUBLISHED =
  {\url{http://motelab.eecs.harvard.edu}}}
}

@misc{opencirrus-web,
  AUTHOR = {{OpenCirrus (TM) the HP/Intel/Yahoo! Open Cloud Computing
    Research Testbed}},
  TITLE = {{OpenCirrus (TM)}},
  HOWPUBLISHED =
  {\url{http://opencirrus.org}}}

@article{opencirrus-ieee,
  AUTHOR = {Arutyun I. Avetisyan and Roy Campbell and Indranil Gupta and Michael
      T. Heath and Steven Y. Ko and Gregory R. Ganger and Michael A. Kozuch and
      David O'Hallaron and Marcel Kunze and Thomas T. Kwan and Kevin Lai and
      Martha Lyons and Dejan S. Milojicic and Hing Yan Lee and Yeng Chai Soh and
      Ng Kwang Ming and Jing-Yuan Luke and Han Namgoong},
  TITLE = {{Open Cirrus: A Global Cloud Computing Testbed}},
  JOURNAL ={IEEE Computer},
  VOLUME = {43},
  ISSN = {0018-9162},
  YEAR = {2010},
  PAGES = {35-43},
  DOI = {http://doi.ieeecomputersociety.org/10.1109/MC.2010.111},
  PUBLISHER = {IEEE Computer Society},
  ADDRESS = {Los Alamitos, CA, USA}}


@inproceedings{opencirrus-hotcloud,
  AUTHOR = {Roy Campbell and Indranil Gupta and Michael Heath and Steven Y. Ko
    and Michael Kozuch and Marcel Kunze and Thomas Kwan and Kevin Lai
    and Hing Yan Lee and Martha Lyons and Dejan Milojicic and David O'Hallaron
    and Yeng Chai Soh},
  TITLE = {{Open Cirrus Cloud Computing Testbed: Federated Data Centers for
    Open Source Systems and Services Research}},
  BOOKTITLE = {HotCloud'09: Proceedings of the 1st Workshop on Hot Topics in
    Cloud Computing},
  YEAR = {2009},
  LOCATION = {Sandiego, CA}},
  PUBLISHER = {USENIX Association},
  ADDRESS = {Berkeley, CA, USA}}

@Article{lites,
  author = 	 {A. Arora and P. Dutta and S. Bapat and V. Kulathumani and H. Zhang and V. Naik and V. Mittal and H. Cao and M. Demirbas and M. Gouda and Y-R. Choi and T. Herman and S. S. Kulkarni and U. Arumugam and M. Nesterenko and A. Vora and M. Miyashita},
  title = 	 {A line in the sand: A wireless sensor network for target detection, classification, and tracking},
  journal = 	 {Computer Networks (Elsevier)},
  year = 	 {2004},
  OPTkey = 	 {},
  volume = 	 {46},
  number = 	 {5},
  pages = 	 {605--634},
  OPTmonth = 	 {},
  OPTnote = 	 {},
  OPTannote = 	 {}
}

@Article{exscal,
  OPTauthor = 	 {A. Arora and et. al.},
  author = {A. Arora and R. Ramnath and E. Ertin and P. Sinha and S. Bapat and V. Naik and V. Kulathumani and H. Zhang and H. Cao and M. Sridharan and S. Kumar and N. Seddon and C. Anderson and T. Herman and N. Trivedi and C. Zhang and M. Nesterenko and R. Shah and S. Kulkarni and M. Aramugam and L. Wang and M. Gouda and Y. Choi and D. Culler and P. Dutta and C. Sharp and G. Tolle and M. Grimmer and B. Ferriera and K. Parker},
  title = 	 {ExScal: Elements of an Extreme Scale Wireless Sensor Network},
  journal = 	 {Int. Conf. on Embedded and Real-Time Computing Systems and Applications},
  year = 	 {2005},
  OPTkey = 	 {},
  OPTvolume = 	 {},
  OPTnumber = 	 {},
  OPTpages = 	 {},
  OPTmonth = 	 {},
  OPTnote = 	 {},
  OPTannote = 	 {}
}

@inproceedings{tinyos,
    author = "Jason Hill and Robert Szewczyk and Alec Woo and Seth
    Hollar and David E. Culler and Kristofer S. J. Pister",
    title = "System Architecture Directions for Networked Sensors",
    booktitle = proc # "the 9th International Conference on Architectural
    Support for Programming Languages and Operating Systems",
    month = nov,
    pages = "93-104", year = "2000", address="Boston, MA, USA" }

@inproceedings{contiki,
	Address = {Tampa, FL},
	Author = {Adam Dunkels and Bjorn Gronvall and Thiemo Voigt},
	Booktitle = proc # {First IEEE Workshop on Embedded Networked Sensors    (EmNetS)},
	Date-Added = {2008-04-13 11:47:28 -0400},
	Date-Modified = {2008-04-13 11:47:28 -0400},
	Month = {November},
	Title = {{Contiki: A Lightweight and Flexible Operating System for    Tiny Networked Sensors}},
	Year = 2004}

@inproceedings{sorber2005turducken,
  title={Turducken: hierarchical power management for mobile devices},
  author={Sorber, Jacob and Banerjee, Nilanjan and Corner, Mark D and Rollins, Sami},
  booktitle={Proceedings of the 3rd international conference on Mobile systems, applications, and services},
  pages={261--274},
  year={2005},
  organization={ACM}
}
